<record><leader>00000cas a22000007a 4500</leader><controlfield tag="001">16702006</controlfield><controlfield tag="008">870917d19111920ohuwr ne      0    0eng d</controlfield><datafield ind1=" " ind2=" " tag="010"><subfield code="a">sn 87076667 </subfield></datafield><datafield ind1=" " ind2=" " tag="040"><subfield code="a">ONP</subfield><subfield code="b">eng</subfield><subfield code="c">ONP</subfield><subfield code="d">OCLCQ</subfield></datafield><datafield ind1=" " ind2=" " tag="042"><subfield code="a">msc</subfield></datafield><datafield ind1="0" ind2="0" tag="245"><subfield code="a">Graphic-news-Republican.</subfield></datafield><datafield ind1=" " ind2=" " tag="260"><subfield code="a">Kenton, Ohio :</subfield><subfield code="b">[s.n.],</subfield><subfield code="c">1911-1920.</subfield></datafield><datafield ind1=" " ind2=" " tag="310"><subfield code="a">Weekly</subfield></datafield><datafield ind1="0" ind2=" " tag="362"><subfield code="a">New ser. : vol. 1, no. 1 (Aug. 10, 1911)-v. 10, no. 9 (Feb. 26, 1920).</subfield></datafield><datafield ind1=" " ind2=" " tag="580"><subfield code="a">Daily ed.: News-Republican (Kenton, Ohio).</subfield></datafield><datafield ind1=" " ind2=" " tag="752"><subfield code="a">United States</subfield><subfield code="b">Ohio</subfield><subfield code="c">Hardin</subfield><subfield code="d">Kenton.</subfield></datafield><datafield ind1="1" ind2=" " tag="775"><subfield code="t">News-Republican (Kenton, Ohio)</subfield><subfield code="w">(DLC)sn 87076669</subfield></datafield><datafield ind1="0" ind2="4" tag="780"><subfield code="t">Hardin County Republican (Kenton, Ohio : 1901)</subfield><subfield code="w">(DLC)sn 87076665</subfield></datafield><datafield ind1="0" ind2="4" tag="780"><subfield code="t">Graphic-news (Kenton, Ohio)</subfield><subfield code="w">(DLC)sn 87076666</subfield></datafield></record>